@webpage{Media-Wiki,
  author       = "{Media Wiki}",
  title        = "API:メインページ",
  organization = "Media Wiki",
  url          = {\url{https://www.mediawiki.org/wiki/API:Main_page/ja}},
  refdate      = "2017-04-17"
}

@webpage{Slack,
  author       = "{Slack}",
  title        = "Slack: Where work happens",
  organization = "Slack",
  url          = {\url{https://slack.com/}},
  refdate      = "2017-04-17"
}

