@webpage{Slack,
  author       = "{Slack}",
  title        = "Slack: Where work happens",
  organization = "Slack",
  url          = {\url{https://slack.com/}},
  refdate      = "2017-04-17"
}

